@article{10.2307/1988833,
  issn      = {00029947},
  url       = {http://www.jstor.org/stable/1988833},
  author    = {Aubrey J. Kempner},
  journal   = {Transactions of the American Mathematical Society},
  number    = {4},
  pages     = {476--482},
  publisher = {American Mathematical Society},
  title     = {On Transcendental Numbers},
  volume    = {17},
  year      = {1916}
}

@misc{avigad2015theorem,
  title     = {Theorem proving in Lean},
  author    = {Avigad, Jeremy and de Moura, Leonardo and Kong, Soonho},
  year      = {2015},
  publisher = {Microsoft Research, https://leanprover. github. io/tutorial/tutorial. pdf}
}

@book{baker1990transcendental,
  title     = {Transcendental number theory},
  author    = {Baker, Alan},
  year      = {1990},
  publisher = {Cambridge university press}
}

@book{bourbaki1998elements,
  title     = {Elements of the History of Mathematics},
  author    = {Bourbaki, Nicolas},
  year      = {1998},
  publisher = {Springer Science \& Business Media}
}

@article{boyer1994qed,
  title   = {The QED manifesto},
  author  = {Boyer, Robert and others},
  journal = {Automated Deduction--CADE},
  volume  = {12},
  pages   = {238--251},
  year    = {1994}
}

@inproceedings{buzzard2020formalising,
  title     = {Formalising perfectoid spaces},
  author    = {Buzzard, Kevin and Commelin, Johan and Massot, Patrick},
  booktitle = {Proceedings of the 9th ACM SIGPLAN International Conference on Certified Programs and Proofs},
  pages     = {299--312},
  year      = {2020}
}

@article{cantor1878beitrag,
  title     = {Ein beitrag zur mannigfaltigkeitslehre},
  author    = {Cantor, Georg},
  journal   = {Journal f{\"u}r die reine und angewandte Mathematik (Crelles Journal)},
  volume    = {1878},
  number    = {84},
  pages     = {242--258},
  year      = {1878},
  publisher = {De Gruyter}
}

@misc{cantor1932uber,
  title     = {Uber eine Eigenschaft des lnbegriffes aller reelen algebraischen Zahlen. Crelles J. 77 (1874), 258-262; also in Gesammelte A bhandlungen},
  author    = {Cantor, G},
  year      = {1932},
  publisher = {Springer, Berlin}
}

@misc{explainetranscendental,
  title  = {$e$ is a transcendental number},
  author = {Zhang, Jujian},
  year   = {2020},
  url    = {https://jjaassoonn.github.io/e_transcendence_doc.html}
}

@article{gelfond1934septieme,
  title     = {Sur le septieme probleme de Hilbert},
  author    = {Gelfond, Aleksandr},
  journal   = {Известия Российской академии наук. Серия математическая},
  number    = {4},
  pages     = {623--634},
  year      = {1934},
  publisher = {Российская академия наук, Математический институт им. ВА Стеклова Российской~…}
}

@article{gonthier2008formal,
  title   = {Formal proof--the four-color theorem},
  author  = {Gonthier, Georges},
  journal = {Notices of the AMS},
  volume  = {55},
  number  = {11},
  pages   = {1382--1393},
  year    = {2008}
}

@inproceedings{gonthier2013machine,
  title        = {A machine-checked proof of the odd order theorem},
  author       = {Gonthier, Georges and Asperti, Andrea and Avigad, Jeremy and Bertot, Yves and Cohen, Cyril and Garillot, Fran{\c{c}}ois and Le Roux, St{\'e}phane and Mahboubi, Assia and O’Connor, Russell and Biha, Sidi Ould and others},
  booktitle    = {International Conference on Interactive Theorem Proving},
  pages        = {163--179},
  year         = {2013},
  organization = {Springer}
}

@article{hales1998kepler,
  title     = {The kepler conjecture},
  author    = {Hales, Thomas C},
  journal   = {arXiv preprint math.MG/9811078},
  year      = {1998},
  publisher = {Springer}
}

@inproceedings{hales2017formal,
  title        = {A formal proof of the Kepler conjecture},
  author       = {Hales, Thomas and Adams, Mark and Bauer, Gertrud and Dang, Tat Dat and Harrison, John and Le Truong, Hoang and Kaliszyk, Cezary and Magron, Victor and McLaughlin, Sean and Nguyen, Tat Thang and others},
  booktitle    = {Forum of mathematics, Pi},
  volume       = {5},
  year         = {2017},
  organization = {Cambridge University Press}
}

@inproceedings{harrison2014history,
  title     = {History of Interactive Theorem Proving.},
  author    = {Harrison, John and Urban, Josef and Wiedijk, Freek},
  booktitle = {Computational Logic},
  volume    = {9},
  pages     = {135--214},
  year      = {2014}
}

@book{kennedy2011set,
  title     = {Set Theory, Arithmetic, and Foundations of Mathematics: Theorems, Philosophies},
  author    = {Kennedy, Juliette and Kossak, Roman},
  volume    = {36},
  year      = {2011},
  publisher = {Cambridge University Press}
}

@incollection{lambert2004memoire,
  title     = {M{\'e}moire sur quelques propri{\'e}t{\'e}s remarquables des quantit{\'e}s transcendentes circulaires et logarithmiques},
  author    = {Lambert, M},
  booktitle = {Pi: A Source Book},
  pages     = {129--140},
  year      = {2004},
  publisher = {Springer}
}

@book{lang1966introduction,
  title     = {Introduction to transcendental numbers},
  author    = {Lang, Serge},
  year      = {1966},
  publisher = {Addison-Wesley Pub. Co.}
}

@misc{programminglean,
  title     = {Programming in Lean},
  author    = {Avigad, Jeremy and de Moura, Leonardo de Moura and Roesch, Jared},
  year      = {2016},
  publisher = {Microsoft Research, https://leanprover. github. io/tutorial/tutorial. pdf}
}

@misc{zorich2000mathematical,
  title     = {Mathematical Analysis I, volume 1. Universitext},
  author    = {Zorich, Vladimir A},
  year      = {2000},
  publisher = {Springer. Conclusion et perspectives}
}

@Book{hottbook,
  author =    {The {Univalent Foundations Program}},
  title =     {Homotopy Type Theory: Univalent Foundations of Mathematics},
  publisher = {\url{https://homotopytypetheory.org/book}},
  address =   {Institute for Advanced Study},
  year =      2013}